@misc{ rfc2119,
       author = {S. Bradner },
       address = {{United States}},
       publisher = {{RFC Editor}},
       title = {{Key words for use in RFCs to Indicate Requirement Levels}},
       year = {1997},
       month = mar,
}
@misc{ gfd184,
       author = {Thijs Metsch and Andy Edmonds },
       day = {{7}},
       title = {{Open Cloud Computing Interface - Infrastructure}},
       howpublished = {\url{http://www.ogf.org/documents/GFD.184.pdf}},
       year = {2011},
       citemaster_revision_month = {{6}},
       citemaster_revision_day = {{21}},
       citemaster_section_number = {{GFD-P-R.184}},
       citemaster_issuing_organization = {{Open Grid Forum}},
       month = apr,
       citemaster_revision_year = {{2011}},
}
@misc{ gfd183,
       author = {Ralf {Nyren} and Andy Edmonds and Alexander Papaspyrou and Thijs Metsch },
       day = {{7}},
       title = {{Open Cloud Computing Interface - Core}},
       howpublished = {\url{http://www.ogf.org/documents/GFD.183.pdf}},
       year = {2011},
       citemaster_revision_month = {{6}},
       citemaster_revision_day = {{21}},
       citemaster_section_number = {{GFD-P-R.183}},
       citemaster_issuing_organization = {{Open Grid Forum}},
       month = apr,
       citemaster_revision_year = {{2011}},
}
@misc{ gfd185,
       author = {Thijs Metsch and Andy Edmonds },
       day = {{21}},
       title = {{Open Cloud Computing Interface - RESTful HTTP Rendering}},
       howpublished = {\url{http://www.ogf.org/documents/GFD.185.pdf}},
       year = {2011},
       citemaster_section_number = {{GFD-P-R.185}},
       citemaster_issuing_organization = {{Open Grid Forum}},
       month = jun,
}
@misc{ gfd194,
       author = {Peter Tr\"oger and Roger Brobst and Daniel Gruber and Mariusz Mamonski and Daniel Templeton },
       title = {{Distributed Resource Management Application API Version 2 (DRMAA)}},
       howpublished = {\url{http://www.ogf.org/documents/GFD.194.pdf}},
       year = {2012},
       citemaster_section_number = {{GFD-R-P.194}},
       citemaster_issuing_organization = {{Open Grid Forum}},
       month = jan,
}