@inproceedings{mach2007usagerecord,
  title={Usage Record Format Recommendation GFD-RP. 098},
  author={Mach, RR and Lepro-Metz, R. and Jackson, S. and McGinnis, L.},
  booktitle={Open Grid Forum Recommendation},
  year={2007}
}

@misc{guarise2011definition,
  title={Definition of the Compute Accounting Record (CAR)},
  author={Guarise, A.},
  year={2011},
  url="http://cdsweb.cern.ch/record/1449764",
}

@article{nilsen2011emi,
  title={EMI StAR--Definition of a Storage Accounting Record},
  author={Nilsen, JK and Millar, P. and M{\"u}ller-Pfefferkorn, R. and Molnar, Z. and Zappi, R.},
  year={2011}
}

@misc{rfc2119,
       author="Scott Bradner",
       title="{Key words for use in RFCs to Indicate Requirement Levels}",
       series="Request for Comments",
       number="2119",
       howpublished="RFC 2119 (Best Current Practice)",
       publisher="IETF",
       institution="Internet Engineering Task Force",
       year="1997",
       month="March",
       url="http://tools.ietf.org/html/rfc2119",
}

@article{wolf1998date,
  title={Date and time formats},
  author={Wolf, M. and Wicksteed, C.},
  journal={W3C NOTE NOTE-datetime-19980827, August},
  year={1998}
}

@article{mockapetrisrfc,
  title={RFC 1034: Domain names-concepts and facilities, 1987},
  author={Mockapetris, P.},
  journal={URL: ftp://ftp. isi. edu/in-notes/rfc1034. txt}
}

@phdthesis{cristofori2011grid,
  title={Grid accounting for computing and storage resources towards standardization},
  author={Cristofori, A.},
  year={2011},
  school={Universit{\`a} degli Studi di Ferrara}
}
