@misc{rfc2119,
       author="Scott Bradner",
       title="{Key words for use in RFCs to Indicate Requirement Levels}",
       series="Request for Comments",
       number="2119",
       howpublished="RFC 2119 (Best Current Practice)",
       publisher="IETF",
       institution="Internet Engineering Task Force",
       year="1997",
       month="March",
       url="http://tools.ietf.org/html/rfc2119",
}


@misc{rfc3552,
       author="Eric Rescorla and Brian Korver and {Internet Architectures Board}",
       title="{Guidelines for Writing RFC Text on Security Considerations}",
       series="Request for Comments",
       number="3552",
       howpublished="RFC 3552 (Best Current Practice)",
       publisher="IETF",
       institution="Internet Engineering Task Force",
       year="2003",
       month="July",
       url="http://tools.ietf.org/html/rfc3552",
}

@misc{ gfd.130,
       author = {Peter Tröger and Daniel Templeton and Roger Brobst and Andreas Haas and Hrabri Rajic },
       publisher = {{Open Grid Forum}},
       title = {{Distributed Resource Management Application API 1.0 - IDL Specification (GFD-R-P.130)}},
       year = {{2008}},
       month = {{apr}},
}
@misc{ gfd.133,
       author = {Hrabri Rajic and Roger Brobst and Waiman Chan and Fritz Ferstl and Jeff Gardiner and Andreas Haas and Bill Nitzberg and Daniel Templeton and John Tollefsrud and Peter Tröger },
       day = {{13}},
       publisher = {{Open Grid Forum}},
       title = {{Distributed Resource Management Application API Specification 1.0 (GWD-R.133)}},
       year = {{2008}},
       month = {{jun}},
}
@misc{ gfd.22,
       author = {Hrabri Rajic and Roger Brobst and Waiman Chan and Fritz Ferstl and Jeff Gardiner and Andreas Haas and Bill Nitzberg and Daniel Templeton and John Tollefsrud and Peter Tröger },
       publisher = {{Open Grid Forum}},
       title = {{Distributed Resource Management Application API Specification 1.0 (GFD-R.022)}},
       year = {{2007}},
       month = {{aug}},
}

@misc{ gfd.147,
       author = {Sergio Andreozzi and Stephen Burke and Felix Ehm and Laurence Field and Gerson Galang and Balazs Konya and Maarten Litmaath and Paul Millar and JP Navarro},
       publisher = {{Open Grid Forum}},
       title = {{GLUE Specification v. 2.0 (GFD-R-P.147)}},
       year = {{2009}},
       month = {{mar}},
}
@misc{ gfd.194,
       author = {Peter Tröger and Roger Brobst and Daniel Gruber and Mariusz Mamonski and Daniel Templeton},
       day = {{24}},
       publisher = {{Open Grid Forum}},
       title = {{Distributed Resource Management Application API Version 2 (GFD-R-P.194)}},
       year = {{2012}},
       month = {{jan}},
}


@misc{ idl,
       author = { Object Management Group },
       edition = {{formal/2008-01-04}},
       title = {{Common Object Request Broker Architecture (CORBA) Specification, Version 3.1}},
       howpublished = {{http://www.omg.org/spec/CORBA/3.1/Interfaces/PDF}},
       year = {{2008}},
       month = {{jan}},
}

@article{ drmaa09,
          author = {Peter Tröger and Hrabri Rajic and Andreas Haas and Piotr Domagalski },
          doi = {{http://dx.doi.org/10.1504/IJGUC.2009.022029}},
          isbn = {{1741-847X}},
          issue = {{2}},
          journal = {{International Journal of Grid and Utility Computing}},
          address = {{Geneva, Switzerland}},
          publisher = {{Inderscience Publishers}},
          title = {{Standardised job submission and control in cluster and grid environments}},
          volume = {{1}},
          year = {{2009}},
          pages = {{134-145}},
          month = {{dec}},
}

@misc{ saga,
       author = {Tom Goodale and Shantenu Jha and Hartmut Kaiser and Thilo Kielmann and Pascal Kleijer and Andre Merzky and John Shalf and Christopher Smith },
       day = {{15}},
       publisher = {{Open Grid Forum}},
       title = {{A Simple API for Grid Applications (SAGA) Version 1.1 (GFD-R-P.90)}},
       year = {{2008}},
       month = {{jan}},
}

@misc{ gfd.108,
       author = {I. Foster and A. Grimshaw and P. Lane and W. Lee and M. Morgan and S. Newhouse and S. Pickles and D. Pulsipher and C. Smith and M. Theimer },
       day = {{13}},
       title = {{OGSA Basic Execution Service v1.0 (GFD-R.108)}},
       year = {{2008}},
       month = {{nov}},
}

@misc{ cim,
       author = { Distributed Management Task Force (DMTF) Inc. },
       day = {{10}},
       title = {{CIM System Model White Paper CIM Version 2.7}},
       year = {{2003}},
       month = {{jun}}
}

@misc{ posixutils,
       author = { The IEEE and The Open Group },
       edition = {{2004}},
       title = {{The Open Group Base Specifications Issue 6 IEEE Std 1003.1}},
       howpublished = {{http://www.opengroup.org/onlinepubs/000095399/utilities/ulimit.html}},
}

@misc{ gfd194,
       author = {Peter Tr\"oger and Roger Brobst and Daniel Gruber and Mariusz Mamonski and Daniel Templeton },
       title = {{Distributed Resource Management Application API Version 2 (DRMAA)}},
       howpublished = {\url{http://www.ogf.org/documents/GFD.194.pdf}},
       year = {2012},
       citemaster_section_number = {{GFD-R-P.194}},
       citemaster_issuing_organization = {{Open Grid Forum}},
       month = jan,
}

@misc{ citemaster_9398,
       author = {Charlie Catlett and Cees de Laat and David Martin and Gregory Newby and Dane Skow },
       day = {{24}},
       title = {{Open Grid Forum Document Process and Requirements}},
       howpublished = {\url{http://www.ogf.org/documents/GFD.152.pdf}},
       year = {2009},
       citemaster_sub_title = {{GFD-C.152}},
       citemaster_issuing_organization = {{Open Grid Forum}},
       month = jun,
}