@misc{ citemaster_498,
       author = {I. Foster and A. Grimshaw and P. Lane and W. Lee and M. Morgan and S. Newhouse and S. Pickles and D. Pulsipher and C. Smith and M. Theimer },
       day = {{13}},
       title = {{OGSA Basic Execution Service v1.0 (GFD-R.108)}},
       year = {2008},
       month = nov,
       citemaster_issuing_organization = {{Open Grid Forum}},
}
@misc{ gfd.108,
       author = {I. Foster and A. Grimshaw and P. Lane and W. Lee and M. Morgan and S. Newhouse and S. Pickles and D. Pulsipher and C. Smith and M. Theimer },
       day = {{13}},
       title = {{OGSA Basic Execution Service v1.0 (GFD-R.108)}},
       year = {2008},
       month = nov,
       citemaster_issuing_organization = {{Open Grid Forum}},
}
@misc{ citemaster_545,
       author = {Ian Foster and Jeffrey Frey and Steve Graham and Steve Tuecke and Karl Czajkowski and Don Ferguson and Frank Leymann and Martin Nally and Igor Sedukhin and David Snelling and Tony Storey and William Vambenepe and Sanjiva Weerawarana },
       journal = {{IBM DeveloperWorks Whitepaper}},
       title = {{Modeling Stateful Resources with Web Services}},
       year = {2004},
       month = mar,
}
@misc{ stateful-wsrf,
       author = {Ian Foster and Jeffrey Frey and Steve Graham and Steve Tuecke and Karl Czajkowski and Don Ferguson and Frank Leymann and Martin Nally and Igor Sedukhin and David Snelling and Tony Storey and William Vambenepe and Sanjiva Weerawarana },
       journal = {{IBM DeveloperWorks Whitepaper}},
       title = {{Modeling Stateful Resources with Web Services}},
       year = {2004},
       month = mar,
}
@misc{ citemaster_428,
       author = {A. Anjomshoaa and F. Brisard and M. Drescher and D. Fellows and A. Ly and S. McGough and D. Pulsipher and A. Savva },
       publisher = {{Open Grid Forum}},
       title = {{Job Submission Description Language (JSDL) Specification v1.0 (GFD.56)}},
       bibtype = {{Proposed Recommendation Document}},
       year = {2005},
       month = nov,
}
@misc{ jsdl-wg,
       author = {A. Anjomshoaa and F. Brisard and M. Drescher and D. Fellows and A. Ly and S. McGough and D. Pulsipher and A. Savva },
       publisher = {{Open Grid Forum}},
       title = {{Job Submission Description Language (JSDL) Specification v1.0 (GFD.56)}},
       bibtype = {{Proposed Recommendation Document}},
       year = {2005},
       month = nov,
}
@misc{ citemaster_9271,
       author = {Thijs Metsch and Andy Edmonds },
       day = {{7}},
       title = {{Open Cloud Computing Interface - Infrastructure}},
       howpublished = {\url{http://www.ogf.org/documents/GFD.184.pdf}},
       year = {2011},
       citemaster_revision_month = {{6}},
       citemaster_revision_day = {{21}},
       citemaster_section_number = {{GFD-P-R.184}},
       citemaster_issuing_organization = {{Open Grid Forum}},
       month = apr,
       citemaster_revision_year = {{2011}},
}
@misc{ gfd184,
       author = {Thijs Metsch and Andy Edmonds },
       day = {{7}},
       title = {{Open Cloud Computing Interface - Infrastructure}},
       howpublished = {\url{http://www.ogf.org/documents/GFD.184.pdf}},
       year = {2011},
       citemaster_revision_month = {{6}},
       citemaster_revision_day = {{21}},
       citemaster_section_number = {{GFD-P-R.184}},
       citemaster_issuing_organization = {{Open Grid Forum}},
       month = apr,
       citemaster_revision_year = {{2011}},
}
@misc{ citemaster_9270,
       author = {Ralf {Nyr?en} and Andy Edmonds and Alexander Papaspyrou and Thijs Metsch },
       day = {{7}},
       title = {{Open Cloud Computing Interface - Core}},
       howpublished = {\url{http://www.ogf.org/documents/GFD.183.pdf}},
       year = {2011},
       citemaster_revision_month = {{6}},
       citemaster_revision_day = {{21}},
       citemaster_section_number = {{GFD-P-R.183}},
       citemaster_issuing_organization = {{Open Grid Forum}},
       month = apr,
       citemaster_revision_year = {{2011}},
}
@misc{ gfd183,
       author = {Ralf {Nyr?en} and Andy Edmonds and Alexander Papaspyrou and Thijs Metsch },
       day = {{7}},
       title = {{Open Cloud Computing Interface - Core}},
       howpublished = {\url{http://www.ogf.org/documents/GFD.183.pdf}},
       year = {2011},
       citemaster_revision_month = {{6}},
       citemaster_revision_day = {{21}},
       citemaster_section_number = {{GFD-P-R.183}},
       citemaster_issuing_organization = {{Open Grid Forum}},
       month = apr,
       citemaster_revision_year = {{2011}},
}
@misc{ citemaster_9272,
       author = {Thijs Metsch and Andy Edmonds },
       day = {{21}},
       title = {{Open Cloud Computing Interface - RESTful HTTP Rendering}},
       howpublished = {\url{http://www.ogf.org/documents/GFD.185.pdf}},
       year = {2011},
       citemaster_section_number = {{GFD-P-R.185}},
       citemaster_issuing_organization = {{Open Grid Forum}},
       month = jun,
}
@misc{ gfd185,
       author = {Thijs Metsch and Andy Edmonds },
       day = {{21}},
       title = {{Open Cloud Computing Interface - RESTful HTTP Rendering}},
       howpublished = {\url{http://www.ogf.org/documents/GFD.185.pdf}},
       year = {2011},
       citemaster_section_number = {{GFD-P-R.185}},
       citemaster_issuing_organization = {{Open Grid Forum}},
       month = jun,
}
@misc{ citemaster_9273,
       author = {S. Bradner },
       address = {{United States}},
       publisher = {{RFC Editor}},
       title = {{Key words for use in RFCs to Indicate Requirement Levels}},
       year = {1997},
       month = mar,
}
@misc{ rfc2119,
       author = {S. Bradner },
       address = {{United States}},
       publisher = {{RFC Editor}},
       title = {{Key words for use in RFCs to Indicate Requirement Levels}},
       year = {1997},
       month = mar,
}
@misc{ citemaster_9274,
       author = {Peter Tr\"oger and Roger Brobst and Daniel Gruber and Mariusz Mamonski and Daniel Templeton },
       title = {{Distributed Resource Management Application API Version 2 (DRMAA)}},
       howpublished = {\url{http://www.ogf.org/documents/GFD.194.pdf}},
       year = {2012},
       citemaster_section_number = {{GFD-R-P.194}},
       citemaster_issuing_organization = {{Open Grid Forum}},
       month = jan,
}
@misc{ gfd194,
       author = {Peter Tr\"oger and Roger Brobst and Daniel Gruber and Mariusz Mamonski and Daniel Templeton },
       title = {{Distributed Resource Management Application API Version 2 (DRMAA)}},
       howpublished = {\url{http://www.ogf.org/documents/GFD.194.pdf}},
       year = {2012},
       citemaster_section_number = {{GFD-R-P.194}},
       citemaster_issuing_organization = {{Open Grid Forum}},
       month = jan,
}