
@misc{cloud_standards,
  note  = {\url{http://cloud-standards.org/}}
}

@misc{emi_bes,
  author = {Shahbaz Memon and Eric Yen and Morris Riedel and Mischa Salle and Oscar Koeroo},
  title  = {{EMI Cloud Strategy}},
  note   = {\url{http://indico.egi.eu/indico//contributionDisplay.py?contribId=210&resId=4&confId=452}}
}



@misc{ citemaster_9638,
       author = {James  Snell  and Tom  Glover },
       title = {{Portability and interoperability: Similarities and differences explained}},
       day = {{10}},
       howpublished = {\url{http://www.ibm.com/developerworks/webservices/library/ws-port/}},
       year = {2003},
       month = mar,
       citemaster_access_month = {{12}},
       citemaster_name_of_website = {{IBM developerWorks}},
       citemaster_access_day = {{14}},
       citemaster_access_year = {{2012}},
}
@misc{ citemaster_9274,
       author = {Peter  Tr{\"o}ger  and Roger  Brobst  and Daniel  Gruber  and Mariusz  Mamonski  and Daniel  Templeton },
       title = {{Distributed Resource Management Application API Version 2 (DRMAA)}},
       howpublished = {\url{http://www.ogf.org/documents/GFD.194.pdf}},
       year = {2012},
       citemaster_section_number = {{GFD-R-P.194}},
       citemaster_issuing_organization = {{Open Grid Forum}},
       month = jan,
}


@misc{ gfd194,
       author = {Peter  Tr{\"o}ger  and Roger  Brobst  and Daniel  Gruber  and Mariusz  Mamonski  and Daniel  Templeton },
       title = {{Distributed Resource Management Application API Version 2 (DRMAA)}},
       howpublished = {\url{http://www.ogf.org/documents/GFD.194.pdf}},
       year = {2012},
       citemaster_section_number = {{GFD-R-P.194}},
       citemaster_issuing_organization = {{Open Grid Forum}},
       month = jan,
}
@misc{ citemaster_429,
       author = {Tom  Goodale  and Shantenu  Jha  and Hartmut  Kaiser  and Thilo  Kielmann  and Pascal  Kleijer  and Andre  Merzky  and John  Shalf  and Christopher  Smith },
       title = {{A Simple API for Grid Applications (SAGA) Version 1.1 (GFD-R-P.90)}},
       day = {{15}},
       publisher = {{Open Grid Forum}},
       year = {2008},
       citemaster_revision_month = {{1}},
       citemaster_revision_day = {{25}},
       citemaster_leftover_data = {{Specific type of work:Proposed Recommendation Document
}},
       month = jan,
       citemaster_revision_year = {{2011}},
}


@misc{ saga,
       author = {Tom  Goodale  and Shantenu  Jha  and Hartmut  Kaiser  and Thilo  Kielmann  and Pascal  Kleijer  and Andre  Merzky  and John  Shalf  and Christopher  Smith },
       title = {{A Simple API for Grid Applications (SAGA) Version 1.1 (GFD-R-P.90)}},
       day = {{15}},
       publisher = {{Open Grid Forum}},
       year = {2008},
       citemaster_revision_month = {{1}},
       citemaster_revision_day = {{25}},
       citemaster_leftover_data = {{Specific type of work:Proposed Recommendation Document
}},
       month = jan,
       citemaster_revision_year = {{2011}},
}
@misc{ citemaster_592,
       author = {David  Fallside  and Priscilla  Walmsley },
       title = {{XML Schema Part 0: Primer Second Edition}},
       howpublished = {{W3C Recommendation}},
       year = {2004},
       month = oct,
}


@misc{ xmlschema,
       author = {David  Fallside  and Priscilla  Walmsley },
       title = {{XML Schema Part 0: Primer Second Edition}},
       howpublished = {{W3C Recommendation}},
       year = {2004},
       month = oct,
}
@conference{ citemaster_9641,
             author = {Morris  Riedel  and Bernd  Schuller  and Daniel  Mallmann  and Roger  Menday  and Achim  Streit  and Bastian  Tweddell  and M.  Memon  and A.  Memon  and Bastian  Demuth  and Thomas  Lippert },
             title = {{Web Services Interfaces and Open Standards Integration into the European UNICORE 6 Grid Middleware}},
             booktitle = {{Eleventh International IEEE EDOC Conference Workshop}},
             doi = {{10.1109/EDOCW.2007.37}},
             isbn = {{978-0-7695-3338-4}},
             address = {{Washington, DC, USA}},
             publisher = {{IEEE Computer Society}},
             booktitle = {{EDOCW}},
             howpublished = {\url{http://dx.doi.org/10.1109/EDOCW.2007.37}},
             year = {2007},
             pages = {{57-60}},
             citemaster_leftover_data = {{
}},
             citemaster_conference_year = {{2007}},
}
@article{ citemaster_9642,
          author = {Thomas  Rings  and Geoff  Caryer  and Julian  Gallop  and Jens  Grabowski  and Tatiana  Kovacikova  and Stephan  Schulz  and Ian  Stokes-Rees },
          title = {{Grid and Cloud Computing: Opportunities for Integration with the Next Generation Network}},
          doi = {{10.1007/s10723-009-9132-5}},
          isbn = {{1570-7873}},
          issue = {3},
          journal = {{Journal of Grid Computing: Special Issue on Grid Interoperability}},
          address = {{Netherlands}},
          publisher = {{Springer}},
          volume = {7},
          year = {2009},
          citemaster_short_journal = {{JOGC}},
          month = aug,
}
@misc{ citemaster_9272,
       author = {Thijs  Metsch  and Andy  Edmonds },
       title = {{Open Cloud Computing Interface - RESTful HTTP Rendering}},
       day = {{21}},
       howpublished = {\url{http://www.ogf.org/documents/GFD.185.pdf}},
       year = {2011},
       citemaster_section_number = {{GFD-P-R.185}},
       citemaster_issuing_organization = {{Open Grid Forum}},
       month = jun,
}


@misc{ gfd185,
       author = {Thijs  Metsch  and Andy  Edmonds },
       title = {{Open Cloud Computing Interface - RESTful HTTP Rendering}},
       day = {{21}},
       howpublished = {\url{http://www.ogf.org/documents/GFD.185.pdf}},
       year = {2011},
       citemaster_section_number = {{GFD-P-R.185}},
       citemaster_issuing_organization = {{Open Grid Forum}},
       month = jun,
}
@misc{ citemaster_9271,
       author = {Thijs  Metsch  and Andy  Edmonds },
       title = {{Open Cloud Computing Interface - Infrastructure}},
       day = {{7}},
       howpublished = {\url{http://www.ogf.org/documents/GFD.184.pdf}},
       year = {2011},
       citemaster_revision_month = {{6}},
       citemaster_revision_day = {{21}},
       citemaster_section_number = {{GFD-P-R.184}},
       citemaster_issuing_organization = {{Open Grid Forum}},
       month = apr,
       citemaster_revision_year = {{2011}},
}


@misc{ gfd184,
       author = {Thijs  Metsch  and Andy  Edmonds },
       title = {{Open Cloud Computing Interface - Infrastructure}},
       day = {{7}},
       howpublished = {\url{http://www.ogf.org/documents/GFD.184.pdf}},
       year = {2011},
       citemaster_revision_month = {{6}},
       citemaster_revision_day = {{21}},
       citemaster_section_number = {{GFD-P-R.184}},
       citemaster_issuing_organization = {{Open Grid Forum}},
       month = apr,
       citemaster_revision_year = {{2011}},
}
@misc{ citemaster_9270,
       author = {Ralf  Nyren  and Andy  Edmonds  and Alexander  Papaspyrou  and Thijs  Metsch },
       title = {{Open Cloud Computing Interface - Core}},
       day = {{7}},
       howpublished = {\url{http://www.ogf.org/documents/GFD.183.pdf}},
       year = {2011},
       citemaster_revision_month = {{6}},
       citemaster_revision_day = {{21}},
       citemaster_section_number = {{GFD-P-R.183}},
       citemaster_issuing_organization = {{Open Grid Forum}},
       month = apr,
       citemaster_revision_year = {{2011}},
}


@misc{ gfd183,
       author = {Ralf  Nyren  and Andy  Edmonds  and Alexander  Papaspyrou  and Thijs  Metsch },
       title = {{Open Cloud Computing Interface - Core}},
       day = {{7}},
       howpublished = {\url{http://www.ogf.org/documents/GFD.183.pdf}},
       year = {2011},
       citemaster_revision_month = {{6}},
       citemaster_revision_day = {{21}},
       citemaster_section_number = {{GFD-P-R.183}},
       citemaster_issuing_organization = {{Open Grid Forum}},
       month = apr,
       citemaster_revision_year = {{2011}},
}
@inbook{ citemaster_684,
         author = {Douglas  Thain  and Todd  Tannenbaum  and Miron  Livny },
         editor = {Fran  Berman  and Geoffrey  Fox  and Tony  Hey },
         title = {{Condor and the Grid}},
         booktitle = {{Grid Computing: Making the Global Infrastructure a Reality}},
         publisher = {{John Wiley {\&} Sons Inc.}},
         year = {2002},
         pages = {{299-336}},
         month = dec,
}


@inbook{ condorgrid,
         author = {Douglas  Thain  and Todd  Tannenbaum  and Miron  Livny },
         editor = {Fran  Berman  and Geoffrey  Fox  and Tony  Hey },
         title = {{Condor and the Grid}},
         booktitle = {{Grid Computing: Making the Global Infrastructure a Reality}},
         publisher = {{John Wiley {\&} Sons Inc.}},
         year = {2002},
         pages = {{299-336}},
         month = dec,
}
@misc{ citemaster_545,
       author = {Ian  Foster  and Jeffrey  Frey  and Steve  Graham  and Steve  Tuecke  and Karl  Czajkowski  and Don  Ferguson  and Frank  Leymann  and Martin  Nally  and Igor  Sedukhin  and David  Snelling  and Tony  Storey  and William  Vambenepe  and Sanjiva  Weerawarana },
       title = {{Modeling Stateful Resources with Web Services}},
       journal = {{IBM DeveloperWorks Whitepaper}},
       year = {2004},
       month = mar,
}


@misc{ stateful-wsrf,
       author = {Ian  Foster  and Jeffrey  Frey  and Steve  Graham  and Steve  Tuecke  and Karl  Czajkowski  and Don  Ferguson  and Frank  Leymann  and Martin  Nally  and Igor  Sedukhin  and David  Snelling  and Tony  Storey  and William  Vambenepe  and Sanjiva  Weerawarana },
       title = {{Modeling Stateful Resources with Web Services}},
       journal = {{IBM DeveloperWorks Whitepaper}},
       year = {2004},
       month = mar,
}
@misc{ citemaster_428,
       author = {A.  Anjomshoaa  and F.  Brisard  and M.  Drescher  and D.  Fellows  and A.  Ly  and S.  McGough  and D.  Pulsipher  and A.  Savva },
       title = {{Job Submission Description Language (JSDL) Specification v1.0 (GFD.56)}},
       publisher = {{Open Grid Forum}},
       bibtype = {{Proposed Recommendation Document}},
       year = {2005},
       month = nov,
}


@misc{ jsdl-wg,
       author = {A.  Anjomshoaa  and F.  Brisard  and M.  Drescher  and D.  Fellows  and A.  Ly  and S.  McGough  and D.  Pulsipher  and A.  Savva },
       title = {{Job Submission Description Language (JSDL) Specification v1.0 (GFD.56)}},
       publisher = {{Open Grid Forum}},
       bibtype = {{Proposed Recommendation Document}},
       year = {2005},
       month = nov,
}
@misc{ citemaster_498,
       author = {I.  Foster  and A.  Grimshaw  and P.  Lane  and W.  Lee  and M.  Morgan  and S.  Newhouse  and S.  Pickles  and D.  Pulsipher  and C.  Smith  and M.  Theimer },
       title = {{OGSA Basic Execution Service v1.0 (GFD-R.108)}},
       day = {{13}},
       year = {2008},
       month = nov,
       citemaster_issuing_organization = {{Open Grid Forum}},
}


@misc{ gfd.108,
       author = {I.  Foster  and A.  Grimshaw  and P.  Lane  and W.  Lee  and M.  Morgan  and S.  Newhouse  and S.  Pickles  and D.  Pulsipher  and C.  Smith  and M.  Theimer },
       title = {{OGSA Basic Execution Service v1.0 (GFD-R.108)}},
       day = {{13}},
       year = {2008},
       month = nov,
       citemaster_issuing_organization = {{Open Grid Forum}},
}
@misc{ citemaster_579,
       author = {Jean-Jacques  Moreau  and Arthur  Ryman  and Sanjiva  Weerawarana  and Roberto  Chinnici },
       title = {{Web Services Description Language (WSDL) Version 2.0 Part 1: Core Language}},
       publisher = {{W3C}},
       bibtype = {{Candidate Recommendation}},
       year = {2006},
       month = mar,
}


@misc{ wsdl20,
       author = {Jean-Jacques  Moreau  and Arthur  Ryman  and Sanjiva  Weerawarana  and Roberto  Chinnici },
       title = {{Web Services Description Language (WSDL) Version 2.0 Part 1: Core Language}},
       publisher = {{W3C}},
       bibtype = {{Candidate Recommendation}},
       year = {2006},
       month = mar,
}
@misc{ citemaster_9643,
       author = {Blair  Dillaway  and Marty  Humphrey  and Chris  Smith  and Marvin  Theimer  and Glenn  Wasson },
       title = {{HPC Basic Profile, Version 1.0}},
       day = {{28}},
       howpublished = {\url{http://www.ogf.org/documents/GFD.114.pdf}},
       year = {2007},
       citemaster_section_number = {{GFD-R-P.114}},
       citemaster_issuing_organization = {{Open Grid Forum}},
       month = aug,
}
@misc{ citemaster_9644,
       author = {{DMTF Virtualization, Partitioning, and Clustering Working Group}},
       title = {{Open Virtualization Format Specification}},
       day = {{22}},
       year = {2009},
       citemaster_section_number = {{DSP0243}},
       citemaster_issuing_organization = {{Distributed Management Task Force}},
       month = feb,
}
@misc{ citemaster_9645,
       author = {Andy  Edmonds  and Thijs  Metsch  and Eugene  Luster },
       title = {{An Open, Interoperable Cloud}},
       day = {{19}},
       howpublished = {\url{http://www.infoq.com/articles/open-interoperable-cloud}},
       year = {2011},
       citemaster_name_of_website = {{InfoQ}},
       month = jul,
}
@article{ citemaster_267,
          author = {Gabriel  Allen  and Kelly  Davis  and Konstantinos  Dolkas  and Nikolaos  Doulamis  and Tom  Goodale  and Thilo  Kielmann  and Andre  Merzky  and Jarek  Nabrzyski  and Juliusz  Pukacki  and Thomas  Radke  and Michael  Russell  and Ed  Seidel  and John  Shalf  and Ian  Taylor },
          title = {{Enabling Applications on the Grid: A GridLab Overview}},
          isbn = {{1094-3420}},
          issue = {17},
          journal = {{International Journal of High Performance Computing Applications}},
          volume = {4},
          year = {2003},
          pages = {{449-466}},
}


@article{ allen03enabling,
          author = {Gabriel  Allen  and Kelly  Davis  and Konstantinos  Dolkas  and Nikolaos  Doulamis  and Tom  Goodale  and Thilo  Kielmann  and Andre  Merzky  and Jarek  Nabrzyski  and Juliusz  Pukacki  and Thomas  Radke  and Michael  Russell  and Ed  Seidel  and John  Shalf  and Ian  Taylor },
          title = {{Enabling Applications on the Grid: A GridLab Overview}},
          isbn = {{1094-3420}},
          issue = {17},
          journal = {{International Journal of High Performance Computing Applications}},
          volume = {4},
          year = {2003},
          pages = {{449-466}},
}
@conference{ citemaster_9646,
             author = {Craig  Lee },
             title = {{A perspective on scientific cloud computing}},
             location = {{Chicago, Illinois}},
             booktitle = {{19th ACM International Symposium on High Performance Distributed Computing}},
             doi = {{10.1145/1851476.1851542}},
             isbn = {{978-1-60558-942-8}},
             address = {{New York, NY, USA}},
             publisher = {{ACM}},
             howpublished = {{HPDC '10}},
             howpublished = {\url{http://doi.acm.org/10.1145/1851476.1851542}},
             year = {2010},
             pages = {{451-459}},
}


@conference{ Lee:2010:PSC:1851476.1851542,
             author = {Craig  Lee },
             title = {{A perspective on scientific cloud computing}},
             location = {{Chicago, Illinois}},
             booktitle = {{19th ACM International Symposium on High Performance Distributed Computing}},
             doi = {{10.1145/1851476.1851542}},
             isbn = {{978-1-60558-942-8}},
             address = {{New York, NY, USA}},
             publisher = {{ACM}},
             howpublished = {{HPDC '10}},
             howpublished = {\url{http://doi.acm.org/10.1145/1851476.1851542}},
             year = {2010},
             pages = {{451-459}},
}
@article{ citemaster_9647,
          author = {Wolfgang  Gentzsch  and Burak  {Yenier } },
          title = {{HPC Experiment: Round 1 {\textendash} Final Report}},
          note = {\url{http://www.hpcexperiment.com/}},
          year = {2012},
}
@article{ citemaster_555,
          author = {Dietmar  Erwin  and David  Snelling },
          title = {{UNICORE: A Grid Computing Environment}},
          journal = {{Lecture Notes in Computer Science}},
          publisher = {{Springer}},
          volume = {2150},
          year = {2001},
          pages = {{825}},
}


@article{ unicore,
          author = {Dietmar  Erwin  and David  Snelling },
          title = {{UNICORE: A Grid Computing Environment}},
          journal = {{Lecture Notes in Computer Science}},
          publisher = {{Springer}},
          volume = {2150},
          year = {2001},
          pages = {{825}},
}
     


